@article{xiao2004fast,
  title={Fast linear iterations for distributed averaging},
  author={Xiao, Lin and Boyd, Stephen},
  journal={Systems \& Control Letters},
  volume={53},
  number={1},
  pages={65--78},
  year={2004},
  publisher={Elsevier}
}
@article{johansson2008faster,
  title={Faster linear iterations for distributed averaging},
  author={Johansson, Bj{\"o}rn and Johansson, Mikael},
  journal={IFAC Proceedings Volumes},
  volume={41},
  number={2},
  pages={2861--2866},
  year={2008},
  publisher={Elsevier}
}
@article{olshevsky2009convergence,
  title={Convergence speed in distributed consensus and averaging},
  author={Olshevsky, Alex and Tsitsiklis, John N},
  journal={SIAM journal on control and optimization},
  volume={48},
  number={1},
  pages={33--55},
  year={2009},
  publisher={SIAM}
}
@book{ryu2022large,
  title={Large-Scale Convex Optimization: Algorithms \& Analyses via Monotone Operators},
  author={Ryu, Ernest K and Yin, Wotao},
  year={2022},
  publisher={Cambridge University Press}
}
@article{shi2015proximal,
  title={A proximal gradient algorithm for decentralized composite optimization},
  author={Shi, Wei and Ling, Qing and Wu, Gang and Yin, Wotao},
  journal={IEEE Transactions on Signal Processing},
  volume={63},
  number={22},
  pages={6013--6023},
  year={2015},
  publisher={IEEE}
}
@article{rogozin2019optimal,
  title={Optimal distributed convex optimization on slowly time-varying graphs},
  author={Rogozin, Alexander and Uribe, C{\'e}sar A and Gasnikov, Alexander V and Malkovsky, Nikolay and Nedi{\'c}, Angelia},
  journal={IEEE Transactions on Control of Network Systems},
  volume={7},
  number={2},
  pages={829--841},
  year={2019},
  publisher={IEEE}
}
@article{li2019decentralized,
  title={A decentralized proximal-gradient method with network independent step-sizes and separated convergence rates},
  author={Li, Zhi and Shi, Wei and Yan, Ming},
  journal={IEEE Transactions on Signal Processing},
  volume={67},
  number={17},
  pages={4494--4506},
  year={2019},
  publisher={IEEE}
}
@article{butcher2007runge,
  title={Runge-kutta methods},
  author={Butcher, John},
  journal={Scholarpedia},
  volume={2},
  number={9},
  pages={3147},
  year={2007}
}
@article{shorinwa2023distributed,
  title={Distributed Multirobot Task Assignment via Consensus ADMM},
  author={Shorinwa, Ola and Haksar, Ravi N and Washington, Patrick and Schwager, Mac},
  journal={IEEE Transactions on Robotics},
  year={2023},
  publisher={IEEE}
}
@article{halsted2021survey,
  title={A survey of distributed optimization methods for multi-robot systems},
  author={Halsted, Trevor and Shorinwa, Ola and Yu, Javier and Schwager, Mac},
  journal={arXiv preprint arXiv:2103.12840},
  year={2021}

}@inproceedings{shorinwa2020distributed,
  title={Distributed multi-target tracking for autonomous vehicle fleets},
  author={Shorinwa, Ola and Yu, Javier and Halsted, Trevor and Koufos, Alex and Schwager, Mac},
  booktitle={2020 IEEE International Conference on Robotics and Automation (ICRA)},
  pages={3495--3501},
  year={2020},
  organization={IEEE}
}
@article{jadbabaie2003coordination,
  title={Coordination of groups of mobile autonomous agents using nearest neighbor rules},
  author={Jadbabaie, Ali and Lin, Jie and Morse, A Stephen},
  journal={IEEE Transactions on automatic control},
  volume={48},
  number={6},
  pages={988--1001},
  year={2003},
  publisher={IEEE}
}
@inproceedings{haksar2022consensus,
  title={Consensus-based ADMM for task assignment in multi-robot teams},
  author={Haksar, Ravi N and Shorinwa, Olaoluwa and Washington, Patrick and Schwager, Mac},
  booktitle={Robotics Research: The 19th International Symposium ISRR},
  pages={35--51},
  year={2022},
  organization={Springer}
}
@article{rogozin2019optimal,
  title={Optimal distributed convex optimization on slowly time-varying graphs},
  author={Rogozin, Alexander and Uribe, C{\'e}sar A and Gasnikov, Alexander V and Malkovsky, Nikolay and Nedi{\'c}, Angelia},
  journal={IEEE Transactions on Control of Network Systems},
  volume={7},
  number={2},
  pages={829--841},
  year={2019},
  publisher={IEEE}
}
@article{gilbert1959random,
  title={Random graphs},
  author={Gilbert, Edgar N},
  journal={The Annals of Mathematical Statistics},
  volume={30},
  number={4},
  pages={1141--1144},
  year={1959},
  publisher={JSTOR}
}